
  @Manual{r2024,
    title = {R: A Language and Environment for Statistical Computing},
    author = {{R Core Team}},
    organization = {R Foundation for Statistical Computing},
    address = {Vienna, Austria},
    year = {2024},
    url = {https://www.R-project.org/},
  }
  
    @Article{tidyverse2019,
    title = {Welcome to the {tidyverse}},
    author = {Hadley Wickham and Mara Averick and Jennifer Bryan and Winston Chang and Lucy D'Agostino McGowan and Romain François and Garrett Grolemund and Alex Hayes and Lionel Henry and Jim Hester and Max Kuhn and Thomas Lin Pedersen and Evan Miller and Stephan Milton Bache and Kirill Müller and Jeroen Ooms and David Robinson and Dana Paige Seidel and Vitalie Spinu and Kohske Takahashi and Davis Vaughan and Claus Wilke and Kara Woo and Hiroaki Yutani},
    year = {2019},
    journal = {Journal of Open Source Software},
    volume = {4},
    number = {43},
    pages = {1686},
    doi = {10.21105/joss.01686},
  }
  
    @Manual{ggtext2022,
    title = {ggtext: Improved Text Rendering Support for 'ggplot2'},
    author = {Claus O. Wilke and Brenton M. Wiernik},
    year = {2022},
    note = {R package version 0.1.2},
    url = {https://CRAN.R-project.org/package=ggtext},
  }
  
  @Manual{here2020,
    title = {here: A Simpler Way to Find Your Files},
    author = {Kirill Müller},
    year = {2020},
    note = {R package version 1.0.1},
    url = {https://CRAN.R-project.org/package=here},
  }
  
  @Manual{writexl2024,
    title = {writexl: Export Data Frames to Excel 'xlsx' Format},
    author = {Jeroen Ooms},
    year = {2024},
    note = {R package version 1.5.0},
    url = {https://CRAN.R-project.org/package=writexl},
  }
  
    @Manual{tinytex2024,
    title = {tinytex: Helper Functions to Install and Maintain TeX
      Live, and Compile LaTeX Documents},
    author = {Yihui Xie},
    year = {2024},
    note = {R package version 0.51},
    url = {https://github.com/rstudio/tinytex},
}

@online{boyle2023,
    title = {London Fire Brigade's £3.3M animal rescues},
    author = {Darren Boyle},
    year = {2023},
    url = {https://www.dailymail.co.uk/news/article-11994415/London-Fire-Brigades-3-3M-animal-rescues.html},
    urldate      = {5/30/24}
}

@online{lfb2023,
    title = {Animal Rescue - Woolwich},
    author = {London Fire Brigade},
    year = {2023},
    url = {https://www.london-fire.gov.uk/incidents/2023/october/animal-rescue-woolwich/},
    urldate      = {5/30/24}
}

@online{messmer2020,
    title = {Ask an Expert - Wild Animals Are Not Pets},
    author = {Terry Messmer},
    year = {2020},
    url = {https://extension.usu.edu/news_sections/general_news/wild-animals-are-not-pets},
    urldate      = {5/29/24}
}

@online{lfbdata2016,
    title = {Animal rescue incidents attended by LFB},
    author = {London Fire Brigade},
    year = {2016},
    url = {https://data.london.gov.uk/dataset/animal-rescue-incidents-attended-by-lfb},
    urldate      = {5/31/24}
}
